<record xmlns='http://www.loc.gov/MARC21/slim'><leader>01490cim a22003372u 4500</leader><controlfield tag='001'>3601009</controlfield><controlfield tag='005'>20151214182749.0</controlfield><controlfield tag='007'>ss|lmnjluz|nuu</controlfield><controlfield tag='008'>991101s1985    nyunnn         l    eng d</controlfield><datafield ind1=' ' ind2=' ' tag='035'><subfield code='a'>(NIC)notisASF8074</subfield></datafield><datafield ind1=' ' ind2=' ' tag='035'><subfield code='a'>3601009</subfield></datafield><datafield ind1=' ' ind2=' ' tag='035'><subfield code='a'>(OCoLC)63896923</subfield></datafield><datafield ind1=' ' ind2=' ' tag='040'><subfield code='a'>NIC</subfield><subfield code='c'>NIC</subfield><subfield code='d'>NIC</subfield></datafield><datafield ind1='1' ind2=' ' tag='100'><subfield code='a'>Beneria, Lourdes.</subfield></datafield><datafield ind1='1' ind2='0' tag='245'><subfield code='a'>Women, development and the international economy</subfield><subfield code='h'>[sound recording]</subfield></datafield><datafield ind1=' ' ind2=' ' tag='260'><subfield code='c'>1985.</subfield></datafield><datafield ind1=' ' ind2=' ' tag='300'><subfield code='a'>1 sound cassette (84 min.) :</subfield><subfield code='b'>analog, mono.</subfield></datafield><datafield ind1=' ' ind2=' ' tag='500'><subfield code='a'>Recorded in Ithaca, NY by Cornell University.</subfield></datafield><datafield ind1=' ' ind2=' ' tag='500'><subfield code='a'>Sponsored by: City and Regional Planning, Department of,Women&apos;s Studies Program.</subfield></datafield><datafield ind1=' ' ind2=' ' tag='500'><subfield code='a'>Speaker(s): Beneria is a member of the economics department at Rutgers University. (In 1986, she joined the faculty in the department of City and Regional Planning, Cornell.)</subfield></datafield><datafield ind1=' ' ind2=' ' tag='518'><subfield code='a'>Lecture, March 1, 1985.</subfield></datafield><datafield ind1=' ' ind2=' ' tag='520'><subfield code='a'>Beneria discusses the involvement of women in economic development around the world and describes the manner in which research has evolved in this field over the past 15 years.</subfield></datafield><datafield ind1=' ' ind2='0' tag='650'><subfield code='a'>Women in rural development.</subfield></datafield><datafield ind1=' ' ind2='0' tag='650'><subfield code='a'>Economic development.</subfield></datafield><datafield ind1=' ' ind2='0' tag='650'><subfield code='a'>Women</subfield><subfield code='x'>Social conditions.</subfield></datafield><datafield ind1=' ' ind2='7' tag='650'><subfield code='a'>Economic development</subfield><subfield code='2'>fast</subfield><subfield code='0'>(OCoLC)fst00901785</subfield></datafield><datafield ind1=' ' ind2='7' tag='650'><subfield code='a'>Women in rural development</subfield><subfield code='2'>fast</subfield><subfield code='0'>(OCoLC)fst01177966</subfield></datafield><datafield ind1=' ' ind2='7' tag='650'><subfield code='a'>Women</subfield><subfield code='x'>Social conditions</subfield><subfield code='2'>fast</subfield><subfield code='0'>(OCoLC)fst01176947</subfield></datafield><datafield ind1='1' ind2=' ' tag='899'><subfield code='a'>CULectures</subfield></datafield><datafield ind1=' ' ind2=' ' tag='905'><subfield code='a'>19991201120000.0</subfield></datafield><datafield ind1='2' ind2=' ' tag='948'><subfield code='a'>20141221</subfield><subfield code='b'>m</subfield><subfield code='d'>batch</subfield><subfield code='e'>lts</subfield><subfield code='x'>addfast</subfield></datafield></record>